% Does polarization exist?
@article{fiorina_abrams_2008_arps,
	author = {Morris P. Fiorina and Samuel J. Abrams},
	doi = {10.1146/annurev.polisci.11.053106.153836},
	journal = {Annual Review of Political Science},
	number = {1},
	pages = {563--588},
	publisher = {Annual Reviews},
	title = {Political Polarization in the American Public},
	volume = {11},
	year = 2008}

@article{fiorina_et-al_2008_jop,
	author = {Morris P. Fiorina and Samuel A. Abrams and Jeremy C. Pope},
	date-added = {2021-12-03 08:38:57 -0700},
	date-modified = {2021-12-03 09:47:40 -0700},
	doi = {10.1017/s002238160808050x},
	journal = {The Journal of Politics},
	month = {apr},
	number = {2},
	pages = {556--560},
	publisher = {University of Chicago Press},
	title = {Polarization in the American Public: Misconceptions and Misreadings},
	volume = {70},
	year = 2008}
% Affective polarization vs. attitudinal polarization
@article{abramowitz_saunders_2006_prq,
	author = {Abramowitz, Alan I. and Saunders, Kyle L.},
	doi = {10.1177/106591290605900201},
	journal = {Political Research Quarterly},
	number = {2},
	pages = {175--187},
	title = {{Exploring the bases of Partisanship in the American electorate: Social identity vs. ideology}},
	volume = {59},
	year = {2006}}

@article{iyengar_et-al_2012,
	author = {Iyengar, Shanto and Sood, Gaurav and Lelkes, Yphtach},
	date-added = {2021-09-06 14:51:18 -0600},
	date-modified = {2021-09-06 14:51:24 -0600},
	doi = {10.1093/poq/nfs038},
	journal = {Public Opinion Quarterly},
	number = {3},
	pages = {405--431},
	title = {{Affect, not ideology: A social identity perspective on polarization}},
	volume = {76},
	year = {2012}}

@article{iyengar_westwood_2015_ajps,
	author = {Iyengar, Shanto and Westwood, Sean J.},
	doi = {10.1111/ajps.12152},
	journal = {American Journal of Political Science},
	number = {3},
	pages = {690--707},
	title = {{Fear and Loathing across Party Lines: New Evidence on Group Polarization}},
	volume = {59},
	year = {2015},
	doi = {10.1111/ajps.12152}}

% SIT
@article{huddy_2001, 
	author = {Huddy, Leonie},
	doi = {10.1111/0162-895X.00230},
	journal = {Political Psychology},
	number = {1},
	pages = {127--156},
	title = {{From social to political identity: A critical examination of social identity theory}},
	volume = {22},
	year = {2001}}

@article{jost_et-al_2022_n,
	author = {Jost, John T. and Baldassarri, Delia S. and Druckman, James N.},
	year = {2022},
	title = {Cognitive-motivational mechanisms of political polarization in social-communicative contexts},
	journal = {Nature Reviews},
}

@article{groenendyk_2018,
	author = {Groenendyk, Eric},
	doi = {10.1111/pops.12481},
	journal = {Political Psychology},
	pages = {159--171},
	title = {{Competing Motives in a Polarized Electorate: Political Responsiveness, Identity Defensiveness, and the Rise of Partisan Antipathy}},
	volume = {39},
	year = {2018}}

% Cue taking
@article{converse_1964,
	author = {Converse, Philip E.},
	journal = {Critical Review},
	number = {1-3},
	pages = {1-74},
	title = {The nature of belief systems in mass publics},
	volume = {18},
	year = {1964}}

@book{zaller_1992,
	address = {New York},
	author = {Zaller, John R},
	date-added = {2021-12-09 08:05:15 -0700},
	date-modified = {2021-12-09 08:05:15 -0700},
	publisher = {Cambridge University Press},
	title = {{The Nature and Origins of Mass Opinion}},
	year = {1992}}


@article{zaller_2003,
	author = {Zaller, John R.},
	journal = {Political Communication},
	number = {2},
	title = {A New Standard of News Quality: Burglar Alarms for the Monitorial Citizen},
	volume = {20},
	year = {2003}}

@article{schickler_green_1997,
	author = {Schickler, Eric and Green, Donald Philip},
	journal = {Comparative Political Studies},
	number = {4},
	pages = {450-483},
	title = {The Stability of Party Identification in Western Democracies: Results From Eight Panel Surveys},
	volume = {30},
	year = {1997}}

@article{padgett_et-al_2019_joc,
	author = {Padgett, Jeremy and Dunaway, Johanna L. and Darr, Joshua P.},
	doi = {10.1093/joc/jqz039},
	journal = {Journal of Communication},
	number = {6},
	pages = {696--719},
	title = {{As seen on TV? How gatekeeping makes the U.S. House seem more extreme}},
	volume = {69},
	year = {2019}}

% Expressive partisanship
@article{huddy_et-al_2015_apsr,
	author = {Huddy, Leonie and Mason, Lilliana and Aar√∏e},
	year = {2015},
	title = {Expressive Partisanship: Campaign Involvement, Political Emotion, and Political Identity},
	journal = {American Political Science Review},
	volume = {109},
	number = {1}
}

@article{pickup_et-al_2020_pb,
	author = {Mark Pickup and Erik O. Kimbrough and Eline A. de Rooij},
	date-modified = {2021-12-09 08:29:32 -0700},
	journal = {Political Behavior},
	title = {Expressive Politics as (Costly) Norm Following},
	year = {2020},
	doi = {10.1007/s11109-020-09667-6}}

%  Elite polarization
@article{enders_2021_jop,
	author = {Enders, Adam M.},
	date-added = {2021-12-03 08:41:59 -0700},
	date-modified = {2021-12-03 10:09:18 -0700},
	journal = {The Journal of Politics},
	number = {4},
	pages = {1872-1877},
	title = {Issues versus Affect: How Do Elite and Mass Polarization Compare?},
	volume = {83},
	year = {2021}}

@article{dietrich_2021,
	author = {Bryce J. Dietrich},
	doi = {10.1017/pan.2020.25},
	journal = {Political Analysis},
	number = {2},
	pages = {250--259},
	publisher = {Cambridge University Press ({CUP})},
	title = {Using Motion Detection to Measure Social Polarization in the U.S. House of Representatives},
	volume = {29},
	year = 2021}

@article{ballard_et-al_2022_lsq,
	author = {Ballard, Andrew O. and Detamble, Ryan and Dorsey, Spencer and Heseltine, Michael and Johnson, Marcus},
	year = {2022},
	title = {Dynamics of Polarizing Rhetoric in Congressional Tweets},
	journal = {Legislative Studies Quarterly},
	doi = {10.1111/lsq.12374}
}

@book{bernhard_sulkin_2018,
	address = {Chicago, IL},
	author = {Bernhard, William and Sulkin, Tracy},
	date-added = {2021-09-01 19:04:06 -0600},
	date-modified = {2021-09-01 19:04:06 -0600},
	mendeley-groups = {Congress},
	publisher = {University of Chicago Press},
	title = {{Legislative Style}},
	year = {2018}}

@article{clifford_2020,
	author = {Clifford, Scott},
	doi = {10.1007/s11109-020-09634-1},
	journal = {Political Behavior},
	title = {How Moral Motives Link Party Stereotypes},
	year = {2020}}

@book{lee_2009,
	author = {Lee, Frances E.},
	publisher = {The University of Chicago Press},
	title = {{Beyond Ideology: Politics, Principles, and Partisanship in the U.S. Senate}},
	year = {2009},
	address = {Chicago, IL}}

% Measure of polarization
@article{druckman_levendusky_2019,
	author = {Druckman, James N. and Levendusky, Matthew S.},
	doi = {10.1093/poq/nfz003},
	journal = {Public Opinion Quarterly},
	number = {1},
	pages = {114--122},
	title = {{What do we measure when we measure affective polarization?}},
	volume = {83},
	year = {2019}}

% Pre-analysis plans
@article{blair_et-al_2019,
    author = {Graeme Blair and Jasper Cooper and Alexander Coppock and Macartan Humphreys},
    year = {2019},
    title = {Declaring and Diagnosing Research Designs},
    journal = {American Political Science Review},
    doi = {10.1017/S000305541900094}}

@article{brodeur_et-al_2022_wp,
    author = {Brodeur, Abel and Cook, Nikolai M. and Hartley, Jonathan S. and Heyes, Anthony},
    year = {2022},
    title = {Do Pre-Registration and Pre-analysis Plans Reduce p-Hacking and Publication Bias?},
    journal = {Working paper},
    url = {https:://papers.ssrn.com/sol3/papers.cfm?abstract\_id = 4180594},
}

% Robust standard errors
@article{king_roberts_2015_pa,
	author = {King, Gary and Roberts, Margaret E.},
	year = {2015},
	title = {How Robust Standard Errors Expose Methodological Problems They Do Not Fix, and What to Do About It},
	journal = {Political Analysis},
	volume = {23},
	pages = {159--179},
	doi = {10.1093/pan/mpu015}
}

% Software
@Manual{blair_et-al_2022_fabricatr,
    title = {fabricatr: Imagine Your Data Before You Collect It},
    author = {Graeme Blair and Jasper Cooper and Alexander Coppock and Macartan Humphreys and Aaron Rudkin and Neal Fultz},
    year = {2022},
    note = {R package version 0.16.0},
    url = {https://CRAN.R-project.org/package=fabricatr},
  }
% Partisanship as a heuristic
@book{campbell_et-al_1969,
	address = {Chicago, IL},
	author = {Angus Campbell and Phillip E. Converse and Warren E. Miller and Donald E. Stokes},
	date-added = {2021-12-10 08:10:51 -0700},
	date-modified = {2021-12-10 08:11:53 -0700},
	publisher = {John Wiley and Sons, Inc.},
	title = {The American Voter},
	year = {1969}}
@article{layman_carsey_2002_ajps,
	author = {Geoffrey C. Layman and Thomas M. Carsey},
	journal = {American Journal of Political Science},
	number = {4},
	pages = {786-802},
	title = {Party Polarization and "Conflict Extension" in the American Electorate},
	volume = {46},
	year = {2002}}
@book{green_et-al_2002,
	address = {New Haven, CT},
	author = {Green, Donald and Palmquist, Bradley and Schickler, Eric},
	publisher = {Yale University Press},
	title = {{Partisan Hearts and Minds: Political Parties and the Social Identities of Voters}},
	year = {2002}}
% Knowledge
@article{berelson_1952,
	author = {Berelson, Bernard},
	doi = {10.1086/266397},
	journal = {Public Opinion Quarterly},
	number = {3},
	pages = {313--330},
	title = {{Democratic theory and public opinion}},
	volume = {16},
	year = {1952}}
@book{delli-carpini_keeter_1996,
	address = {New Haven, CT},
	author = {{Delli Carpini}, Michael X and Keeter, Scott},
	publisher = {Yale University Press},
	title = {{What Americans Know About Politics and Why It Matters.}},
	year = {1996}}
% Ideology
@book{kinder_kalmoe_2017,
	address = {Chicago, IL},
	author = {Kinder, Donald R. and Kalmoe, Nathan P.},
	date-added = {2021-12-03 13:58:59 -0700},
	date-modified = {2021-12-03 14:00:21 -0700},
	publisher = {Chicago University Press},
	title = {{Neither Liberal Nor Conservative}},
	year = {2017}}
% Cross-cutting identities
@article{baldassarri_goldberg_2014_ajs,
	author = {Baldassarri, Delia and Goldberg, Amir},
	journal = {American Journal of Sociology},
	number = {1},
	pages = {45-95},
	title = {Neither Ideologues nor Agnostics: Alternative Voters' Belief System in an Age of Partisan Politics},
	volume = {120},
	year = {2014}}
@book{sides_et-al_2018,
	address = {Princeton, NJ},
	author = {Sides, John and Tesler, Michael and Vavreck, Lynn},
	publisher = {Princeton University Press},
	title = {{Identity Crisis: The 2016 Presidential Campaign And The Battle For The Meaning Of America}},
	year = {2018}}
@book{mason_2018_cup,
	address = {Chicago, IL},
	author = {Mason, Lilliana},
	publisher = {University of Chicago Press},
	title = {{Uncivil Agreeement}},
	year = {2018}}
% Stereotypes
@article{ahler_sood_2018,
	author = {Ahler, Douglas J. and Sood, Gaurav},
	doi = {10.1086/697253},
	journal = {Journal of Politics},
	number = {3},
	pages = {964--981},
	title = {{The parties in our heads: Misperceptions about party composition and their consequences}},
	volume = {80},
	year = {2018}}

@article{lyons_utych_2021,
	author = {Lyons, Jeffrey and Utych, Stephen M},
	doi = {10.1007/s11109-021-09680-3},
	journal = {Political Behavior},
	number = {0123456789},
	title = {{You're Not From Here !: The Consequences of Urban and Rural Identities}},
	year = {2021}}

@incollection{sears_brown_2013,
	address = {New York},
	author = {David O. Sears and Christina Brown},
	booktitle = {The Oxford Handbook of Political Psychology},
	doi = {10.1093/oxfordhb/9780199760107.013.0003},
	editor = {Huddy, Leonie and Sears, David O. and Levy, Jack S.},
	publisher = {Oxford University Press},
	title = {Childhood and Adult Political Development},
	year = 2013}
% Effects of polarization
@article{nicholson_et-al_2016,
	author = {Nicholson, Stephen P. and Coe, Chelsea M. and Emory, Jason and Song, Anna V.},
	doi = {10.1007/s11109-016-9339-7},
	journal = {Political Behavior},
	number = {4},
	pages = {883--898},
	publisher = {Springer US},
	title = {{The Politics of Beauty: The Effects of Partisan Bias on Physical Attractiveness}},
	volume = {38},
	year = {2016}}
@article{huber_2017,
	author = {Huber, Gregory A. and Malhotra, Neil},
	doi = {10.1086/687533},
	journal = {Journal of Politics},
	number = {1},
	pages = {269--283},
	title = {{Political homophily in social relationships: Evidence from online dating behavior}},
	volume = {79},
	year = {2017}}

@article{iyengar_et-al_2019,
	author = {Iyengar, Shanto and Lelkes, Yphtach and Levendusky, Matthew and Malhotra, Neil and Westwood, Sean J.},
	doi = {10.1146/annurev-polisci-051117-073034},
	journal = {Annual Review of Political Science},
	pages = {129--146},
	title = {{The origins and consequences of affective polarization in the United States}},
	volume = {22},
	year = {2019}}
@article{liu_et-al_2019,
	author = {Liu, Xi and Andris, Clio and Desmarais, Bruce A.},
	doi = {10.1371/journal.pone.0225405},
	journal = {PLoS ONE},
	number = {11},
	pages = {1--16},
	title = {{Migration and political polarization in the U.S.: An analysis of the county-level migration network}},
	volume = {14},
	year = {2019}}

@book{hetherington_weiler_2018_hmh,
	author = {Hetherington, Marc J. and Weiler, Jonathan},
	year = {2018},
	title = {Prius or pickup? how the answers to four simple questions explain America's great divide},
	publisher = {Houghton Mifflin Harcourt},
	address = {New York},
	annote = {}}

@book{klar_krupnikov_2016,
	address = {New York},
	author = {Klar, Samara and Krupnikov, Yanna},
	publisher = {Cambridge University Press},
	title = {{Independent Politics: How American Disdain for Parties Leads to Political Inaction}},
	year = {2016}}

@article{utych_2020_es,
  title={A voter-centric explanation of the success of ideological candidates for the US house},
  author={Utych, Stephen M},
  journal={Electoral Studies},
  volume={65},
  pages={102137},
  year={2020},
  publisher={Elsevier}}
  
% Motivated reasoning
@article{taber_lodge_2006,
	author = {Taber, Charles S and Lodge, Milton},
	journal = {American Journal of Political Science},
	number = {3},
	pages = {755--769},
	title = {{Motivated Skepticism in the Evaluation of Political Beliefs}},
	volume = {50},
	year = {2006}}
@book{lodge_taber_2013_cup,
	author = {Lodge, Milton and Taber, Charles S.},
	publisher = {Cambridge University Press},
	address = {New York},
	title = {{The Rationalizing Voter}},
	year = {2013}}
@article{stromback_et-al_2021_bpp,
	author = {Camilla Stromback and David Andersson and Daniel Vastfjall and Gustav Tinghog},
	journal = {Behavioural Public Policy},
	title = {Motivated reasoning, fast and slow},
	year = {2021},
	doi = {doi:10.1017/bpp.2021.34}}

% Trust in democracy
@book{hibbing_theiss-morse_2002,
	author = {Hibbing, John R. and Theiss-Morse, Elizabeth},
	publisher = {Cambridge University Press},
	title = {Stealth Democracy: Americans' Beliefs about How Government Should Work},
	year = {2002},
	address = {New York}}

@article{mutz_reeves_2005,
	author = {Mutz, Diana C. and Reeves, Byron},
	journal = {The American Political Science Review},
	number = {1},
	pages = {1--15},
	title = {{The New Videomalaise : Effects of Televised Incivility on Political Trust}},
	volume = {99},
	year = {2005}}

% Compromise
@article{arceneaux_2019,
	author = {Arceneaux, Kevin},
	journal = {Personality and Individual Differences},
	pages = {1-12},
	title = {The roots of intolerance and opposition to compromise: the effects of absolutism on political attitudes},
	volume = {151},
	year = {2019}}
@book{wolak_2020,
	address = {New York},
	author = {Wolak, Jennifer},
	publisher = {Oxford University Press},
	title = {{Compromise in an Age of Party Polarization}},
	year = {2020}}
@book{atkinson_2017,
	address = {Chicago, IL},
	author = {Atkinson, Mary Layton},
	publisher = {Chicago University Press},
	title = {{Combative Politics: The Media and Public Perceptions of Lawmaking}},
	year = {2017}}

% Media
@article{baum_jamieson_2006,
	author = {Baum, Matthew A. and Jamison, Angela S.},
	doi = {10.1111/j.1468-2508.2006.00482.x},
	journal = {Journal of Politics},
	number = {4},
	pages = {946--959},
	title = {{The Oprah effect: How soft news helps inattentive citizens vote consistently}},
	volume = {68},
	year = {2006}}

@article{hwang_et-al_2014,
	author = {Hyunseo Hwang and Youngju Kim and Catherine U. Huh},
	journal = {Journal of Broadcasting and Electronic Media},
	number = {4},
	pages = {621-633},
	title = {Seeing is Believing: Effects of Uncivil Online Debate on Political Polarization and Expectations of Deliberation},
	volume = {58},
	year = {2014}}

@article{licari_2020_apr,
	author = {Peter R. Licari},
	doi = {10.1177/1532673X20915222},
	journal = {American Politics Research},
	number = {6},
	pages = {792-806},
	title = {Sharp as a Fox: Are foxnews.com Visitors Less Politically Knowledgeable?},
	volume = {48},
	year = {2020}}

@article{webster_abramowitz_2017,
	author = {Webster, Steven M. and Abramowitz, Alan I.},
	journal = {American Politics Research},
	number = {4},
	pages = {621-647},
	title = {The Ideological Foundations of Affective Polarization in the U.S. Electorate},
	volume = {45},
	year = {2017}}

@article{muddiman_et-al_2020,
	author = {Muddiman, Ashley and Pond-Cobb, Jamie and Matson, Jamie E.},
	journal = {Communication Research},
	number = {6},
	pages = {815-837},
	title = {Negativity Bias or Backlash: Interaction with Civil and Uncivil Online Political News Content},
	volume = {47},
	year = {2020}}

% Deliberation
@book{carlson_settle_2022_cup,
	author = {Carlson, Taylor N. and Settle, Jaime E.},
	year = {2022},
	title = {What Goes Without Saying: Navigating Political Discussion in America},
	publisher = {Cambridge University Press},
	address = {New York}}

@book{levendusky_stecula_2021,
	author = {Matthew S. Levendusky and Dominik A. Stecula},
	year = {2021},
	title = {We Need to Talk: How Cross-Party Dialogue Reduces Affective Polarization},
	publisher = {Cambridge University Press},
	address = {New York}}

@article{santoro_broockman_2022_sa,
	author = {Santoro, Erik and Broockman, David E.},
	year = {2022},
	title = {The promise and pitfalls of cross-partisan conversations for reducing affective polarization: Evidence from randomized experiments},
	journal = {Science Advances},
	volume = {8}}

@article{butters_hare_2022_pb,
	author = {Butters, Ross and Hare, Christopher},
	year = {2022},
	title = {Polarized Networks? New Evidence on American Voters' Political Discussion Networks},
	journal = {Political Behavior},
	volume = {44},
	pages = {1079--1103},
	doi = {10.1007/s11109-020-090647-w}}
